@article{LFDBelady,
    author =       "L. A. Belady",
    title =        "A study of replacement algorithms for virtual storage 
computers",
    journal =      "IBM Systems Journal",
    volume =       "5",
    pages =        "78--101",
    year =         "1966",
}
@inbook{czarodziej,
    title=	"Online Computation and Competitive Analysis",
    author=	"A. Borodin and Ran El-Yaniv",
    chapter=	"3.4",
    year=	"1998",
    publisher=	"Cembrige University Press",
}
@article{power,
    author =       "S. Ben-David and A. Borodin and R. Karp and G. Tardosand 
and A. Wigderson",
    title =        "On the Power Of Randomization in Online Algorithms",
    journal =      "Algorithmica",
    volume =       "11",
    pages =        "2--14",
    year =         "1994",
}